@article{Lu199677,
title = "Character segmentation in handwritten words â€” An overview ",
journal = "Pattern Recognition ",
volume = "29",
number = "1",
pages = "77 - 96",
year = "1996",
note = "",
issn = "0031-3203",
doi = "http://dx.doi.org/10.1016/0031-3203(95)00072-0",
url = "http://www.sciencedirect.com/science/article/pii/0031320395000720",
author = "Yi Lu and M. Shridhar",
keywords = "Handwritten words",
keywords = "Cursive words",
keywords = "Handprinted words",
keywords = "Character segmentation",
keywords = "Character recognition",
keywords = "Word recognition",
keywords = "Touching characters",
keywords = "Broken characters "
}

@book{MichaelNielsen,
 author = {Michael Nielsen},
 title = {Neural Networks and Deep Learning},
 year = "2014",
 url = "http://neuralnetworksanddeeplearning.com/"
}

@misc{OCRMATH,
 author = {Vitali Sepetnitsky, Yakir Dahan },
 title = {OCR of Math Expressions: Optical Character Recognition System of Mathematical Expressions \& Testing Framework},
 year = "2011",
 url = "http://www.cs.bgu.ac.il/~ben-shahar/Teaching/Computational-Vision/StudentProjects/ICBV111/ICBV-2011-1-VitaliSepetnitsky-YakirDahan/index.php"

}
